%YAML 1.1
%TAG !u! tag:unity3d.com,2011:
--- !u!1 &2286188059333330988
GameObject:
  m_ObjectHideFlags: 0
  m_CorrespondingSourceObject: {fileID: 0}
  m_PrefabInstance: {fileID: 0}
  m_PrefabAsset: {fileID: 0}
  serializedVersion: 6
  m_Component:
  - component: {fileID: 2283567751985896906}
  - component: {fileID: 326588310764963013}
  m_Layer: 0
  m_Name: Building_M_prefab Variant 1
  m_TagString: Instance3
  m_Icon: {fileID: 0}
  m_NavMeshLayer: 0
  m_StaticEditorFlags: 0
  m_IsActive: 1
--- !u!4 &2283567751985896906
Transform:
  m_ObjectHideFlags: 0
  m_CorrespondingSourceObject: {fileID: 0}
  m_PrefabInstance: {fileID: 0}
  m_PrefabAsset: {fileID: 0}
  m_GameObject: {fileID: 2286188059333330988}
  m_LocalRotation: {x: 0, y: 0, z: 0, w: 1}
  m_LocalPosition: {x: 4.5590897, y: 0.093538284, z: 160.41156}
  m_LocalScale: {x: 0.597375, y: 0.66375, z: 0.597375}
  m_Children:
  - {fileID: 2283818175752226876}
  m_Father: {fileID: 0}
  m_RootOrder: 0
  m_LocalEulerAnglesHint: {x: 0, y: 0, z: 0}
--- !u!65 &326588310764963013
BoxCollider:
  m_ObjectHideFlags: 0
  m_CorrespondingSourceObject: {fileID: 0}
  m_PrefabInstance: {fileID: 0}
  m_PrefabAsset: {fileID: 0}
  m_GameObject: {fileID: 2286188059333330988}
  m_Material: {fileID: 0}
  m_IsTrigger: 1
  m_Enabled: 1
  serializedVersion: 2
  m_Size: {x: 7.056451, y: 3.4845304, z: 7.2917137}
  m_Center: {x: -0.034895618, y: 1.2422659, z: 0.65761286}
--- !u!1 &2286920770891196910
GameObject:
  m_ObjectHideFlags: 0
  m_CorrespondingSourceObject: {fileID: 0}
  m_PrefabInstance: {fileID: 0}
  m_PrefabAsset: {fileID: 0}
  serializedVersion: 6
  m_Component:
  - component: {fileID: 2283818175752226876}
  - component: {fileID: 2290922994713761964}
  - component: {fileID: 2300168524154397750}
  - component: {fileID: 2258951591425230758}
  m_Layer: 0
  m_Name: Building_M
  m_TagString: Instance3
  m_Icon: {fileID: 0}
  m_NavMeshLayer: 0
  m_StaticEditorFlags: 0
  m_IsActive: 1
--- !u!4 &2283818175752226876
Transform:
  m_ObjectHideFlags: 0
  m_CorrespondingSourceObject: {fileID: 0}
  m_PrefabInstance: {fileID: 0}
  m_PrefabAsset: {fileID: 0}
  m_GameObject: {fileID: 2286920770891196910}
  m_LocalRotation: {x: -0.7071068, y: -0, z: -0, w: 0.7071067}
  m_LocalPosition: {x: 0, y: 0.211, z: -1.322}
  m_LocalScale: {x: 55.297947, y: 55.29793, z: 55.29793}
  m_Children: []
  m_Father: {fileID: 2283567751985896906}
  m_RootOrder: 0
  m_LocalEulerAnglesHint: {x: 0, y: 0, z: 0}
--- !u!33 &2290922994713761964
MeshFilter:
  m_ObjectHideFlags: 0
  m_CorrespondingSourceObject: {fileID: 0}
  m_PrefabInstance: {fileID: 0}
  m_PrefabAsset: {fileID: 0}
  m_GameObject: {fileID: 2286920770891196910}
  m_Mesh: {fileID: 4300000, guid: 33a58fa9897d81c4fa6655fc4a19a500, type: 3}
--- !u!23 &2300168524154397750
MeshRenderer:
  m_ObjectHideFlags: 0
  m_CorrespondingSourceObject: {fileID: 0}
  m_PrefabInstance: {fileID: 0}
  m_PrefabAsset: {fileID: 0}
  m_GameObject: {fileID: 2286920770891196910}
  m_Enabled: 1
  m_CastShadows: 1
  m_ReceiveShadows: 1
  m_DynamicOccludee: 1
  m_MotionVectors: 1
  m_LightProbeUsage: 1
  m_ReflectionProbeUsage: 1
  m_RayTracingMode: 2
  m_RenderingLayerMask: 1
  m_RendererPriority: 0
  m_Materials:
  - {fileID: 2100000, guid: a7f2d3722f408d146b37cba315bc996f, type: 2}
  - {fileID: 2100000, guid: 3c98c150d6196ef419f666d71cf7d13f, type: 2}
  - {fileID: 2100000, guid: 1af4b0d855a4f694baba51a55f5c6cc9, type: 2}
  - {fileID: 2100000, guid: 5188c7492ef51d143a7128aa9700788a, type: 2}
  - {fileID: 2100000, guid: 2100b85841ac32940a50ec36409b49c0, type: 2}
  - {fileID: 2100000, guid: 8d368d2c617522b4f8385162f26cacfa, type: 2}
  - {fileID: 2100000, guid: 5188c7492ef51d143a7128aa9700788a, type: 2}
  - {fileID: 2100000, guid: 26df91506bf83b343b8083c5322323ae, type: 2}
  - {fileID: 2100000, guid: 26df91506bf83b343b8083c5322323ae, type: 2}
  m_StaticBatchInfo:
    firstSubMesh: 0
    subMeshCount: 0
  m_StaticBatchRoot: {fileID: 0}
  m_ProbeAnchor: {fileID: 0}
  m_LightProbeVolumeOverride: {fileID: 0}
  m_ScaleInLightmap: 1
  m_ReceiveGI: 1
  m_PreserveUVs: 0
  m_IgnoreNormalsForChartDetection: 0
  m_ImportantGI: 0
  m_StitchLightmapSeams: 0
  m_SelectedEditorRenderState: 3
  m_MinimumChartSize: 4
  m_AutoUVMaxDistance: 0.5
  m_AutoUVMaxAngle: 89
  m_LightmapParameters: {fileID: 0}
  m_SortingLayerID: 0
  m_SortingLayer: 0
  m_SortingOrder: 0
--- !u!64 &2258951591425230758
MeshCollider:
  m_ObjectHideFlags: 0
  m_CorrespondingSourceObject: {fileID: 0}
  m_PrefabInstance: {fileID: 0}
  m_PrefabAsset: {fileID: 0}
  m_GameObject: {fileID: 2286920770891196910}
  m_Material: {fileID: 0}
  m_IsTrigger: 0
  m_Enabled: 1
  serializedVersion: 4
  m_Convex: 0
  m_CookingOptions: 30
  m_Mesh: {fileID: 4300000, guid: 33a58fa9897d81c4fa6655fc4a19a500, type: 3}
